@online{googlewebsite,
    author = {Google},
    title = {Google Search Engine},
    year = {1998},
    url = {http://google.com}
}
@online{angulardocs,
    author = {Google},
    title = {Angular Docs},
    year = {2017},
    url = {http://angular.io/docs}
}
@online{javascriptComparison,
    author = {{Sviatoslav A.}},
    title = {The Best JS Frameworks for Front End},
    year = {2017},
    url = {https://rubygarage.org/blog/best-javascript-frameworks-for-front-end}
}
@online{angular_vue_react_learning_curve,
    author = {{Maximilian Schwarzmüller}},
    title = {Angular vs React vs Vue},
    year = {2017},
    url = {https://www.academind.com/articles/javascript/angular-vs-reactjs-vs-vuejs/}
}
@online{awesomejs_reactive,
    author = {{AwesomeJS - LibHunt}},
    title = {Reactive JavaScript Programming Libraries},
    url = {https://js.libhunt.com/categories/58-reactive-programming}
}
@online{colorlib_ivanovs,
    author = {Alex Ivanovs},
    title = {Node.js Frameworks},
    year = {2017},
    url = {https://colorlib.com/wp/node-js-frameworks}
}
@online{mozilla_developer,
    author = {Mozilla},
    title = {WebSockets - Web API Interface},
    year = {2017},
    url = {https://developer.mozilla.org/el/docs/Web/API/WebSockets_API}
}
@online{socket-io_wikipedia,
    author = {wikipedia},
    title = {Socket.IO},
    year = {2017},
    url = {https://en.wikipedia.org/wiki/Socket.IO}
}
@online{socket-io,
    author = {socket.io},
    title = {Socket.IO},
    year = {2017},
    url = {https://socket.io/}
}
@online{express_routing,
    author = {Express},
    title = {Routing},
    year = {2017},
    url = {https://expressjs.com/en/guide/routing.html}
}
@online{express,
    author = {Express},
    title = {Web Applications},
    year = {2017},
    url = {https://expressjs.com/}
}
@online{nodejs,
    author = {Node.js},
    title = {Node.js},
    year = {2017},
    url = {https://nodejs.org/en/}
}
@online{nodejs_wikipedia,
    author = {wikipedia},
    title = {Nodejs},
    year = {2017},
    url = {https://el.wikipedia.org/wiki/Nodejs}
}
@online{hapi_vs_express,
    author = {Object Partners},
    title = {Node.js Framework Comparison: Express.js vs Hapi.js},
    year = {2016},
    url = {https://objectpartners.com/2016/12/22/node-js-framework-comparison-express-js-vs-hapi-js/}
}
@online{asana_wiki,
    author = {Wikipedia},
    title = {Asana (software)},
    year = {2017},
    url = {https://en.wikipedia.org/wiki/Asana_(software)}
}
@online{asana_task,
    author = {Asana},
    title = {What is task management?},
    year = {2017},
    url = {https://asana.com/uses/task-management}
}
@techreport{real_time_programming_gerard,
     title = {{Real-Time Programming: Special Purpose or General Purpose Language}},
     author = {{ Gérard Berry}},
     year = {2006},
     institution = { École nationale supérieure des mines de Paris (MINES ParisTech)}
}
@online{webstorm,
    author = {JetBrains},
    title = {WebStorm},
    year = {2017},
    url = {https://www.jetbrains.com/webstorm/features/}
}
% DATABASE HOSTING RESOURCES 
% --------------------------
@online{hosting_db_a2,
    author = {A2-Hosting},
    title = {Cloud-Hosting},
    year = {2017},
    url = {https://www.a2hosting.com/}
}
@online{hosting_db_mongodbatlas,
    author = {MongoDB},
    title = {Atlas},
    year = {2017},
    url = {https://www.mongodb.com/cloud/atlas}
}
@online{hosting_db_mLab,
    author = {{ObjectLabs Corporation}},
    title = {mLab},
    year = {2017},
    url = {https://mlab.com/}
}
@online{hosting_db_rosehosting,
    author = {{Rose Web Services}},
    title = {RoseHosting},
    year = {2017},
    url = {https://www.rosehosting.com/mongodb-hosting.html}
}
@online{hosting_db_compose,
    author = {IBM},
    title = {Compose},
    year = {2017},
    url = {https://www.compose.com/databases/mongodb}
}
@online{hosting_db_objectrocket,
    author = {Rackspace},
    title = {ObjectRocket},
    year = {2017},
    url = {https://www.objectrocket.com/mongodb/}
}
@online{hosting_db_vultr,
    author = {Vultr},
    title = {{The Infrastructure Cloud}},
    year = {2017},
    url = {https://www.vultr.com/}
}
% --------------------------
@online{hosting_heroku,
    author = {Salesforce},
    title = {{Heroku}},
    year = {2017},
    url = {https://www.heroku.com/home}
}

